<record><leader>00619cam a22001571  4500</leader><controlfield tag="001">011250175</controlfield><controlfield tag="003">MiAaHDL</controlfield><controlfield tag="005">20120110000000.0</controlfield><controlfield tag="006">m        d        </controlfield><controlfield tag="007">cr bn ---auaua</controlfield><controlfield tag="008">880815r19uu1528enk|||||r|||| 000 0|eng d</controlfield><datafield tag="035" ind1=" " ind2=" "><subfield code="a">sdr-coo1412373</subfield></datafield><datafield tag="035" ind1=" " ind2=" "><subfield code="a">(OCoLC)63960024</subfield></datafield><datafield tag="040" ind1=" " ind2=" "><subfield code="c">SAZTEC</subfield><subfield code="d">NIC</subfield></datafield><datafield tag="130" ind1="0" ind2=" "><subfield code="a">Everyman.</subfield></datafield><datafield tag="245" ind1="1" ind2="0"><subfield code="a">Here begynneth a treatyse how the hye fader of heuen sendeth dethe to somon every creature to come and gyue a counte of theyr lyues in this worlde and is maner of a morall playe.</subfield></datafield><datafield tag="260" ind1=" " ind2=" "><subfield code="a">[London,</subfield><subfield code="b">Skot,</subfield><subfield code="c">ca.1528-30].</subfield></datafield><datafield tag="300" ind1=" " ind2=" "><subfield code="a">[32] p.</subfield><subfield code="b">(on double leaves)</subfield><subfield code="c">22 cm.</subfield></datafield><datafield tag="500" ind1=" " ind2=" "><subfield code="a">Photostat copy from the copy in the Henry E. Huntington Library.</subfield></datafield><datafield tag="538" ind1=" " ind2=" "><subfield code="a">Mode of access: Internet.</subfield></datafield><datafield tag="CID" ind1=" " ind2=" "><subfield code="a">011250175</subfield></datafield><datafield tag="DAT" ind1="0" ind2=" "><subfield code="a">20100319095020.0</subfield><subfield code="b">20120110000000.0</subfield></datafield><datafield tag="DAT" ind1="1" ind2=" "><subfield code="a">20120814075429.0</subfield><subfield code="b">2022-04-08T17:30:41Z</subfield></datafield><datafield tag="CAT" ind1=" " ind2=" "><subfield code="a">SDR-COO</subfield><subfield code="d">UNKNOWN</subfield><subfield code="l">loader.pl-001-001</subfield></datafield><datafield tag="FMT" ind1=" " ind2=" "><subfield code="a">BK</subfield></datafield><datafield tag="HOL" ind1=" " ind2=" "><subfield code="0">sdr-coo1412373</subfield><subfield code="a">coo</subfield><subfield code="b">SDR</subfield><subfield code="c">COO</subfield><subfield code="p">coo.31924013324219</subfield><subfield code="s">COO</subfield><subfield code="1">1412373</subfield></datafield><datafield tag="974" ind1=" " ind2=" "><subfield code="b">COO</subfield><subfield code="c">COO</subfield><subfield code="d">20220408</subfield><subfield code="s">google</subfield><subfield code="u">coo.31924013324219</subfield><subfield code="y">1999</subfield><subfield code="r">und</subfield><subfield code="q">bib</subfield><subfield code="t">non-US bib date1, date type r &gt;= 1927</subfield></datafield></record>